@ARTICLE{AK+11,
   author = {{Arvidsson}, K. and {Kerton}, C.~R.},
    title = "{Submillimeter and Molecular Views of Three Galactic Ring-like H II Regions}",
  journal = {\aj},
archivePrefix = "arXiv",
   eprint = {1103.1915},
 primaryClass = "astro-ph.GA",
 keywords = {H II regions, ISM: bubbles, ISM: clouds, stars: formation, stars: massive, surveys},
     year = 2011,
    month = may,
   volume = 141,
      eid = {153},
    pages = {153},
      doi = {10.1088/0004-6256/141/5/153},
   adsurl = {http://adsabs.harvard.edu/abs/2011AJ....141..153A},
  adsnote = {Provided by the SAO/NASA Astrophysics Data System}
}
@ARTICLE{Anderson+09,
   author = {{Anderson}, L.~D. and {Bania}, T.~M.},
    title = "{Resolution of the Distance Ambiguity for Galactic H II Regions}",
  journal = {\apj},
archivePrefix = "arXiv",
   eprint = {0810.5570},
 keywords = {H II regions, ISM: molecules, radio lines: ISM, stars: formation},
     year = 2009,
    month = jan,
   volume = 690,
    pages = {706-719},
      doi = {10.1088/0004-637X/690/1/706},
   adsurl = {http://adsabs.harvard.edu/abs/2009ApJ...690..706A},
  adsnote = {Provided by the SAO/NASA Astrophysics Data System}
}
@ARTICLE{Anderson+11,
   author = {{Anderson}, L.~D. and {Bania}, T.~M. and {Balser}, D.~S. and 
	{Rood}, R.~T.},
    title = "{The HII Region Discovery Survey (HRDS). II. (Anderson+, 2011)}",
  journal = {VizieR Online Data Catalog},
 keywords = {H II regions, Radio lines, Infrared sources, Surveys},
     year = 2011,
    month = aug,
   volume = 2194,
    pages = {40032},
   adsurl = {http://adsabs.harvard.edu/abs/2011yCat..21940032A},
  adsnote = {Provided by the SAO/NASA Astrophysics Data System}
}
@ARTICLE{Arthur+11,
   author = {{Arthur}, S.~J. and {Henney}, W.~J. and {Mellema}, G. and {de Colle}, F. and 
	{V{\'a}zquez-Semadeni}, E.},
    title = "{Radiation-magnetohydrodynamic simulations of H II regions and their associated PDRs in turbulent molecular clouds}",
  journal = {\mnras},
archivePrefix = "arXiv",
   eprint = {1101.5510},
 primaryClass = "astro-ph.GA",
 keywords = {MHD, stars: formation, H II regions, ISM: kinematics and dynamics, photodissociation region (PDR)},
     year = 2011,
    month = jun,
   volume = 414,
    pages = {1747-1768},
      doi = {10.1111/j.1365-2966.2011.18507.x},
   adsurl = {http://adsabs.harvard.edu/abs/2011MNRAS.414.1747A},
  adsnote = {Provided by the SAO/NASA Astrophysics Data System}
}
@ARTICLE{Bania+10,
   author = {{Bania}, T.~M. and {Anderson}, L.~D. and {Balser}, D.~S. and 
	{Rood}, R.~T.},
    title = "{The Green Bank Telescope Galactic H II Region Discovery Survey}",
  journal = {\apjl},
archivePrefix = "arXiv",
   eprint = {1006.5929},
 primaryClass = "astro-ph.GA",
 keywords = {Galaxy: structure, H II regions, radio lines: ISM, surveys},
     year = 2010,
    month = aug,
   volume = 718,
    pages = {L106-L111},
      doi = {10.1088/2041-8205/718/2/L106},
   adsurl = {http://adsabs.harvard.edu/abs/2010ApJ...718L.106B},
  adsnote = {Provided by the SAO/NASA Astrophysics Data System}
}
@ARTICLE{Beaumont+Williams10,
   author = {{Beaumont}, C.~N. and {Williams}, J.~P.},
    title = "{Molecular Rings Around Interstellar Bubbles and the Thickness of Star-Forming Clouds}",
  journal = {\apj},
archivePrefix = "arXiv",
   eprint = {0912.1852},
 primaryClass = "astro-ph.GA",
 keywords = {H II regions, ISM: kinematics and dynamics, stars: formation},
     year = 2010,
    month = feb,
   volume = 709,
    pages = {791-800},
      doi = {10.1088/0004-637X/709/2/791},
   adsurl = {http://adsabs.harvard.edu/abs/2010ApJ...709..791B},
  adsnote = {Provided by the SAO/NASA Astrophysics Data System}
}
@ARTICLE{Beaumont+11,
   author = {{Beaumont}, C.~N. and {Williams}, J.~P. and {Goodman}, A.~A.
	},
    title = "{Classifying structures in the ISM with Support Vector Machines: the G16.05-0.57 supernova remnant}",
  journal = {ArXiv e-prints},
archivePrefix = "arXiv",
   eprint = {1107.5584},
 primaryClass = "astro-ph.GA",
 keywords = {Astrophysics - Galaxy Astrophysics, Astrophysics - Instrumentation and Methods for Astrophysics},
     year = 2011,
    month = jul,
   adsurl = {http://adsabs.harvard.edu/abs/2011arXiv1107.5584B},
  adsnote = {Provided by the SAO/NASA Astrophysics Data System}
}
@ARTICLE{Bendo+08,
   author = {{Bendo}, G.~J. and {Draine}, B.~T. and {Engelbracht}, C.~W. and 
	{Helou}, G. and {Thornley}, M.~D. and {Bot}, C. and {Buckalew}, B.~A. and 
	{Calzetti}, D. and {Dale}, D.~A. and {Hollenbach}, D.~J. and 
	{Li}, A. and {Moustakas}, J.},
    title = "{The relations among 8, 24 and 160 {$\mu$}m dust emission within nearby spiral galaxies}",
  journal = {\mnras},
archivePrefix = "arXiv",
   eprint = {0806.2758},
 keywords = {galaxies: ISM , infrared: galaxies},
     year = 2008,
    month = sep,
   volume = 389,
    pages = {629-650},
      doi = {10.1111/j.1365-2966.2008.13567.x},
   adsurl = {http://adsabs.harvard.edu/abs/2008MNRAS.389..629B},
  adsnote = {Provided by the SAO/NASA Astrophysics Data System}
}
@ARTICLE{GLIMPSE,
   author = {{Benjamin}, R.~A. and {Churchwell}, E. and {Babler}, B.~L. and 
	{Bania}, T.~M. and {Clemens}, D.~P. and {Cohen}, M. and {Dickey}, J.~M. and 
	{Indebetouw}, R. and {Jackson}, J.~M. and {Kobulnicky}, H.~A. and 
	{Lazarian}, A. and {Marston}, A.~P. and {Mathis}, J.~S. and 
	{Meade}, M.~R. and {Seager}, S. and {Stolovy}, S.~R. and {Watson}, C. and 
	{Whitney}, B.~A. and {Wolff}, M.~J. and {Wolfire}, M.~G.},
    title = "{GLIMPSE. I. An SIRTF Legacy Project to Map the Inner Galaxy}",
  journal = {\pasp},
   eprint = {arXiv:astro-ph/0306274},
 keywords = {Galaxy: Stellar Content, Galaxy: Structure, infrared: general, infrared: stars, ISM: General, Surveys, Stars: General},
     year = 2003,
    month = aug,
   volume = 115,
    pages = {953-964},
      doi = {10.1086/376696},
   adsurl = {http://adsabs.harvard.edu/abs/2003PASP..115..953B},
  adsnote = {Provided by the SAO/NASA Astrophysics Data System}
}
@ARTICLE{ATLASGAL,
   author = {{Beuther}, H. and {Tackenberg}, J. and {Linz}, H. and {Henning}, T. and 
	{Schuller}, F. and {Wyrowski}, F. and {Schilke}, P. and {Menten}, K. and 
	{Robitaille}, T.~P. and {Walmsley}, C.~M. and {Bronfman}, L. and 
	{Motte}, F. and {Nguyen-Luong}, Q. and {Bontemps}, S.},
    title = "{Galactic structure based on the ATLASGAL 870mum survey}",
  journal = {ArXiv e-prints},
archivePrefix = "arXiv",
   eprint = {1112.4609},
 primaryClass = "astro-ph.SR",
 keywords = {Astrophysics - Solar and Stellar Astrophysics},
     year = 2011,
    month = dec,
   adsurl = {http://adsabs.harvard.edu/abs/2011arXiv1112.4609B},
  adsnote = {Provided by the SAO/NASA Astrophysics Data System}
}
@ARTICLE{1975ApJ...199..619B,
   author = {{Black}, D.~C. and {Bodenheimer}, P.},
    title = "{Evolution of rotating interstellar clouds. I - Numerical techniques}",
  journal = {\apj},
 keywords = {INTERSTELLAR MATTER, NEBULAE, NUMERICAL ANALYSIS, PROTOSTARS, ROTATING MATTER, STELLAR EVOLUTION, ASTRONOMICAL MODELS, GRAVITATIONAL COLLAPSE, HYDRODYNAMIC EQUATIONS, STELLAR ROTATION},
     year = 1975,
    month = aug,
   volume = 199,
    pages = {619-632},
      doi = {10.1086/153729},
   adsurl = {http://adsabs.harvard.edu/abs/1975ApJ...199..619B},
  adsnote = {Provided by the SAO/NASA Astrophysics Data System}
}
@ARTICLE{Bik+10,
   author = {{Bik}, A. and {Puga}, E. and {Waters}, L.~B.~F.~M. and {Horrobin}, M. and 
	{Henning}, T. and {Vasyunina}, T. and {Beuther}, H. and {Linz}, H. and 
	{Kaper}, L. and {van den Ancker}, M. and {Lenorzer}, A. and 
	{Churchwell}, E. and {Kurtz}, S. and {Kouwenhoven}, M.~B.~N. and 
	{Stolte}, A. and {de Koter}, A. and {Thi}, W.~F. and {Comer{\'o}n}, F. and 
	{Waelkens}, C.},
    title = "{Sequential Star Formation in RCW 34: A Spectroscopic Census of the Stellar Content of High-Mass Star-Forming Regions}",
  journal = {\apj},
archivePrefix = "arXiv",
   eprint = {1002.2571},
 primaryClass = "astro-ph.GA",
 keywords = {H II regions, infrared: stars, photon-dominated region: PDR, stars: early-type, stars: formation, stars: pre-main sequence},
     year = 2010,
    month = apr,
   volume = 713,
    pages = {883-899},
      doi = {10.1088/0004-637X/713/2/883},
   adsurl = {http://adsabs.harvard.edu/abs/2010ApJ...713..883B},
  adsnote = {Provided by the SAO/NASA Astrophysics Data System}
}
@ARTICLE{2001PASP..113..677C,
   author = {{Capriotti}, E.~R. and {Kozminski}, J.~F.},
    title = "{Relative Effects of Ionizing Radiation and Winds from O-Type Stars on the Structure and Dynamics of H II Regions}",
  journal = {\pasp},
 keywords = {ISM: H II Regions, ISM: Bubbles, ISM: Kinematics and Dynamics},
     year = 2001,
    month = jun,
   volume = 113,
    pages = {677-691},
      doi = {10.1086/320809},
   adsurl = {http://adsabs.harvard.edu/abs/2001PASP..113..677C},
  adsnote = {Provided by the SAO/NASA Astrophysics Data System}
}
@ARTICLE{1975ApJ...200L.107C,
   author = {{Castor}, J. and {McCray}, R. and {Weaver}, R.},
    title = "{Interstellar bubbles}",
  journal = {\apjl},
 keywords = {BUBBLES, EARLY STARS, INTERSTELLAR GAS, STELLAR WINDS, DENSITY DISTRIBUTION, GAS DYNAMICS, HYDROGEN CLOUDS, INTERSTELLAR MATTER, SPACE DENSITY, STELLAR ENVELOPES, STELLAR EVOLUTION},
     year = 1975,
    month = sep,
   volume = 200,
    pages = {L107-L110},
      doi = {10.1086/181908},
   adsurl = {http://adsabs.harvard.edu/abs/1975ApJ...200L.107C},
  adsnote = {Provided by the SAO/NASA Astrophysics Data System}
}

@ARTICLE{MIPSGAL,
   author = {{Carey}, S.~J. and {Noriega-Crespo}, A. and {Mizuno}, D.~R. and 
	{Shenoy}, S. and {Paladini}, R. and {Kraemer}, K.~E. and {Price}, S.~D. and 
	{Flagey}, N. and {Ryan}, E. and {Ingalls}, J.~G. and {Kuchar}, T.~A. and 
	{Pinheiro Gon{\c c}alves}, D. and {Indebetouw}, R. and {Billot}, N. and 
	{Marleau}, F.~R. and {Padgett}, D.~L. and {Rebull}, L.~M. and 
	{Bressert}, E. and {Ali}, B. and {Molinari}, S. and {Martin}, P.~G. and 
	{Berriman}, G.~B. and {Boulanger}, F. and {Latter}, W.~B. and 
	{Miville-Deschenes}, M.~A. and {Shipman}, R. and {Testi}, L.
	},
    title = "{MIPSGAL: A Survey of the Inner Galactic Plane at 24 and 70 {$\mu$}m}",
  journal = {\pasp},
 keywords = {Astrophysical Data},
     year = 2009,
    month = jan,
   volume = 121,
    pages = {76-97},
      doi = {10.1086/596581},
   adsurl = {http://adsabs.harvard.edu/abs/2009PASP..121...76C},
  adsnote = {Provided by the SAO/NASA Astrophysics Data System}
}
@ARTICLE{CP06,
   author = {{Churchwell}, E. and {Povich}, M.~S. and {Allen}, D. and {Taylor}, M.~G. and 
	{Meade}, M.~R. and {Babler}, B.~L. and {Indebetouw}, R. and 
	{Watson}, C. and {Whitney}, B.~A. and {Wolfire}, M.~G. and {Bania}, T.~M. and 
	{Benjamin}, R.~A. and {Clemens}, D.~P. and {Cohen}, M. and {Cyganowski}, C.~J. and 
	{Jackson}, J.~M. and {Kobulnicky}, H.~A. and {Mathis}, J.~S. and 
	{Mercer}, E.~P. and {Stolovy}, S.~R. and {Uzpen}, B. and {Watson}, D.~F. and 
	{Wolff}, M.~J.},
    title = "{The Bubbling Galactic Disk}",
  journal = {ApJ},
 keywords = {ISM: H II Regions, ISM: Bubbles},
     year = 2006,
    month = oct,
   volume = 649,
    pages = {759 (CP06)},
      doi = {10.1086/507015},
   adsurl = {http://adsabs.harvard.edu/abs/2006ApJ...649..759C},
  adsnote = {Provided by the SAO/NASA Astrophysics Data System}
}
@ARTICLE{CWP07,
   author = {{Churchwell}, E. and {Watson}, D.~F. and {Povich}, M.~S. and 
	{Taylor}, M.~G. and {Babler}, B.~L. and {Meade}, M.~R. and {Benjamin}, R.~A. and 
	{Indebetouw}, R. and {Whitney}, B.~A.},
    title = "{The Bubbling Galactic Disk. II. The Inner 20{\deg}}",
  journal = {ApJ},
 keywords = {ISM: H II Regions, ISM: Bubbles, Stars: Formation},
     year = 2007,
    month = nov,
   volume = 670,
    pages = {428 (CWP07)},
      doi = {10.1086/521646},
   adsurl = {http://adsabs.harvard.edu/abs/2007ApJ...670..428C},
  adsnote = {Provided by the SAO/NASA Astrophysics Data System}
}
@ARTICLE{Dale09,
   author = {{Dale}, J.~E. and {W{\"u}nsch}, R. and {Whitworth}, A. and {Palou{\v s}}, J.
	},
    title = "{The fragmentation of expanding shells - I. Limitations of the thin-shell approximation}",
  journal = {\mnras},
archivePrefix = "arXiv",
   eprint = {0906.1670},
 primaryClass = "astro-ph.GA",
 keywords = {stars: formation , HII regions},
     year = 2009,
    month = sep,
   volume = 398,
    pages = {1537-1548},
      doi = {10.1111/j.1365-2966.2009.15213.x},
   adsurl = {http://adsabs.harvard.edu/abs/2009MNRAS.398.1537D},
  adsnote = {Provided by the SAO/NASA Astrophysics Data System}
}
@ARTICLE{2011MNRAS.414..321D,
   author = {{Dale}, J.~E. and {Bonnell}, I.},
    title = "{Ionizing feedback from massive stars in massive clusters: fake bubbles and untriggered star formation}",
  journal = {\mnras},
archivePrefix = "arXiv",
   eprint = {1103.1532},
 primaryClass = "astro-ph.SR",
 keywords = {stars: formation, H II regions},
     year = 2011,
    month = jun,
   volume = 414,
    pages = {321-328},
      doi = {10.1111/j.1365-2966.2011.18392.x},
   adsurl = {http://adsabs.harvard.edu/abs/2011MNRAS.414..321D},
  adsnote = {Provided by the SAO/NASA Astrophysics Data System}
}
@ARTICLE{Deharveng+08,
   author = {{Deharveng}, L. and {Lefloch}, B. and {Kurtz}, S. and {Nadeau}, D. and 
	{Pomar{\`e}s}, M. and {Caplan}, J. and {Zavagno}, A.},
    title = "{Triggered massive-star formation on the borders of Galactic H II regions. IV. Star formation at the periphery of Sh2-212}",
  journal = {\aap},
archivePrefix = "arXiv",
   eprint = {0803.4152},
 keywords = {stars: formation, stars: early-type, ISM: H ii regions, ISM: individual objects: Sh2-212},
     year = 2008,
    month = may,
   volume = 482,
    pages = {585-596},
      doi = {10.1051/0004-6361:20079233},
   adsurl = {http://adsabs.harvard.edu/abs/2008A%26A...482..585D},
  adsnote = {Provided by the SAO/NASA Astrophysics Data System}
}
@ARTICLE{Draine11,
   author = {{Draine}, B.~T.},
    title = "{On Radiation Pressure in Static, Dusty H II Regions}",
  journal = {\apj},
archivePrefix = "arXiv",
   eprint = {1003.0474},
 primaryClass = "astro-ph.GA",
 keywords = {dust, extinction, H II regions, infrared: ISM, ISM: bubbles, ISM: structure, radio continuum: ISM},
     year = 2011,
    month = may,
   volume = 732,
      eid = {100},
    pages = {100},
      doi = {10.1088/0004-637X/732/2/100},
   adsurl = {http://adsabs.harvard.edu/abs/2011ApJ...732..100D},
  adsnote = {Provided by the SAO/NASA Astrophysics Data System}
}
@ARTICLE{EL77,
   author = {{Elmegreen}, B.~G. and {Lada}, C.~J.},
    title = "{Sequential formation of subgroups in OB associations}",
  journal = {\apj},
 keywords = {B STARS, LYMAN SPECTRA, NEBULAE, O STARS, STAR CLUSTERS, STELLAR EVOLUTION, INTERSTELLAR GAS, PROTOSTARS, SHOCK FRONTS, STELLAR MODELS, STELLAR STRUCTURE},
     year = 1977,
    month = jun,
   volume = 214,
    pages = {725-741},
      doi = {10.1086/155302},
   adsurl = {http://adsabs.harvard.edu/abs/1977ApJ...214..725E},
  adsnote = {Provided by the SAO/NASA Astrophysics Data System}
}
@ARTICLE{2010ApJ...713..592E,
   author = {{Everett}, J.~E. and {Churchwell}, E.},
    title = "{Dusty Wind-blown Bubbles}",
  journal = {\apj},
archivePrefix = "arXiv",
   eprint = {1003.0838},
 primaryClass = "astro-ph.SR",
 keywords = {dust, extinction, infrared: ISM, ISM: bubbles, stars: individual: N49},
     year = 2010,
    month = apr,
   volume = 713,
    pages = {592-602},
      doi = {10.1088/0004-637X/713/1/592},
   adsurl = {http://adsabs.harvard.edu/abs/2010ApJ...713..592E},
  adsnote = {Provided by the SAO/NASA Astrophysics Data System}
}
@ARTICLE{GLIMPSErev,
   author = {{Churchwell}, E. and {Babler}, B.~L. and {Meade}, M.~R. and 
	{Whitney}, B.~A. and {Benjamin}, R. and {Indebetouw}, R. and 
	{Cyganowski}, C. and {Robitaille}, T.~P. and {Povich}, M. and 
	{Watson}, C. and {Bracker}, S.},
    title = "{The Spitzer/GLIMPSE Surveys: A New View of the Milky Way}",
  journal = {PASP},
 keywords = {IYA Review},
     year = 2009,
    month = mar,
   volume = 121,
    pages = {213-230},
      doi = {10.1086/597811},
   adsurl = {http://adsabs.harvard.edu/abs/2009PASP..121..213C},
  adsnote = {Provided by the SAO/NASA Astrophysics Data System}
}
@ARTICLE{2009MNRAS.399.1191C,
   author = {{Cardamone}, C. and {Schawinski}, K. and {Sarzi}, M. and {Bamford}, S.~P. and 
	{Bennert}, N. and {Urry}, C.~M. and {Lintott}, C. and {Keel}, W.~C. and 
	{Parejko}, J. and {Nichol}, R.~C. and {Thomas}, D. and {Andreescu}, D. and 
	{Murray}, P. and {Raddick}, M.~J. and {Slosar}, A. and {Szalay}, A. and 
	{Vandenberg}, J.},
    title = "{Galaxy Zoo Green Peas: discovery of a class of compact extremely star-forming galaxies}",
  journal = {\mnras},
archivePrefix = "arXiv",
   eprint = {0907.4155},
 primaryClass = "astro-ph.CO",
 keywords = {galaxies: dwarf , galaxies: evolution , galaxies: formation , galaxies: high-redshift , galaxies: Seyfert , galaxies: starburst},
     year = 2009,
    month = nov,
   volume = 399,
    pages = {1191-1205},
      doi = {10.1111/j.1365-2966.2009.15383.x},
   adsurl = {http://adsabs.harvard.edu/abs/2009MNRAS.399.1191C},
  adsnote = {Provided by the SAO/NASA Astrophysics Data System}
}
@ARTICLE{Deharveng+09,
   author = {{Deharveng}, L. and {Zavagno}, A. and {Schuller}, F. and {Caplan}, J. and 
	{Pomar{\`e}s}, M. and {De Breuck}, C.},
    title = "{Star formation around RCW 120, the perfect bubble}",
  journal = {\aap},
archivePrefix = "arXiv",
   eprint = {0902.0903},
 primaryClass = "astro-ph.GA",
 keywords = {stars: formation, stars: early-type, ISM: H ii regions, ISM: individual objects: RCW 120},
     year = 2009,
    month = mar,
   volume = 496,
    pages = {177-190},
      doi = {10.1051/0004-6361/200811337},
   adsurl = {http://adsabs.harvard.edu/abs/2009A%26A...496..177D},
  adsnote = {Provided by the SAO/NASA Astrophysics Data System}
}
@ARTICLE{Flagey+11,
   author = {{Flagey}, N. and {Boulanger}, F. and {Noriega-Crespo}, A. and 
	{Paladini}, R. and {Montmerle}, T. and {Carey}, S.~J. and {Gagn{\'e}}, M. and 
	{Shenoy}, S.},
    title = "{Tracing the energetics and evolution of dust with Spitzer: a chapter in the history of the Eagle Nebula}",
  journal = {\aap},
archivePrefix = "arXiv",
   eprint = {1103.2495},
 primaryClass = "astro-ph.GA",
 keywords = {HII regions, dust, extinction, photon-dominated region (PDR), ISM: individual objects: Eagle Nebula, ISM: bubbles},
     year = 2011,
    month = jul,
   volume = 531,
    pages = {A51+},
      doi = {10.1051/0004-6361/201116437},
   adsurl = {http://adsabs.harvard.edu/abs/2011A%26A...531A..51F},
  adsnote = {Provided by the SAO/NASA Astrophysics Data System}
}
@ARTICLE{2003ApJ...594..888F,
   author = {{Freyer}, T. and {Hensler}, G. and {Yorke}, H.~W.},
    title = "{Massive Stars and the Energy Balance of the Interstellar Medium. I. The Impact of an Isolated 60 M$_{solar}$ Star}",
  journal = {\apj},
   eprint = {arXiv:astro-ph/0306541},
 keywords = {Galaxies: Evolution, ISM: H II Regions, Hydrodynamics, Instabilities- ISM: Bubbles, ISM: Structure},
     year = 2003,
    month = sep,
   volume = 594,
    pages = {888-910},
      doi = {10.1086/376937},
   adsurl = {http://adsabs.harvard.edu/abs/2003ApJ...594..888F},
  adsnote = {Provided by the SAO/NASA Astrophysics Data System}
}
@ARTICLE{Garcia-Segura+Franco96,
   author = {{Garcia-Segura}, G. and {Franco}, J.},
    title = "{From Ultracompact to Extended H II Regions}",
  journal = {\apj},
 keywords = {ISM: H II REGIONS, HYDRODYNAMICS, ISM: BUBBLES, ISM: CLOUDS},
     year = 1996,
    month = sep,
   volume = 469,
    pages = {171-+},
      doi = {10.1086/177769},
   adsurl = {http://adsabs.harvard.edu/abs/1996ApJ...469..171G},
  adsnote = {Provided by the SAO/NASA Astrophysics Data System}
}
@ARTICLE{2011arXiv1104.5513F,
   author = {{Fortson}, L. and {Masters}, K. and {Nichol}, R. and {Borne}, K. and 
	{Edmondson}, E. and {Lintott}, C. and {Raddick}, J. and {Schawinski}, K. and 
	{Wallin}, J.},
    title = "{Galaxy Zoo: Morphological Classification and Citizen Science}",
  journal = {ArXiv e-prints},
archivePrefix = "arXiv",
   eprint = {1104.5513},
 primaryClass = "astro-ph.IM",
 keywords = {Astrophysics - Instrumentation and Methods for Astrophysics, Astrophysics - Cosmology and Extragalactic Astrophysics},
     year = 2011,
    month = apr,
   adsurl = {http://adsabs.harvard.edu/abs/2011arXiv1104.5513F},
  adsnote = {Provided by the SAO/NASA Astrophysics Data System}
}
@ARTICLE{Green+11,
   author = {{Green}, J.~A. and {Caswell}, J.~L. and {McClure-Griffiths}, N.~M. and 
	{Avison}, A. and {Breen}, S.~L. and {Burton}, M.~G. and {Ellingsen}, S.~P. and 
	{Fuller}, G.~A. and {Gray}, M.~D. and {Pestalozzi}, M. and {Thompson}, M.~A. and 
	{Voronkov}, M.~A.},
    title = "{Major Structures of the Inner Galaxy Delineated by 6.7 GHz Methanol Masers}",
  journal = {\apj},
archivePrefix = "arXiv",
   eprint = {1103.3913},
 primaryClass = "astro-ph.GA",
 keywords = {Galaxy: kinematics and dynamics, Galaxy: structure, ISM: kinematics and dynamics, masers, stars: massive},
     year = 2011,
    month = may,
   volume = 733,
      eid = {27},
    pages = {27},
      doi = {10.1088/0004-637X/733/1/27},
   adsurl = {http://adsabs.harvard.edu/abs/2011ApJ...733...27G},
  adsnote = {Provided by the SAO/NASA Astrophysics Data System}
}
@ARTICLE{Huchra+12,
   author = {{Huchra}, J.~P. and {Macri}, L.~M. and {Masters}, K.~L. and 
  {Jarrett}, T.~H. and {Berlind}, P. and {Calkins}, M. and {Crook}, A.~C. and 
  {Cutri}, R. and {Erdo{\v g}du}, P. and {Falco}, E. and {George}, T. and 
  {Hutcheson}, C.~M. and {Lahav}, O. and {Mader}, J. and {Mink}, J.~D. and 
  {Martimbeau}, N. and {Schneider}, S. and {Skrutskie}, M. and 
  {Tokarz}, S. and {Westover}, M.},
    title = "{The 2MASS Redshift Survey{\mdash}Description and Data Release}",
  journal = {\apjs},
archivePrefix = "arXiv",
   eprint = {1108.0669},
 primaryClass = "astro-ph.CO",
 keywords = {catalogs, galaxies: distances and redshifts, surveys},
     year = 2012,
    month = apr,
   volume = 199,
      eid = {26},
    pages = {26},
      doi = {10.1088/0067-0049/199/2/26},
   adsurl = {http://adsabs.harvard.edu/abs/2012ApJS..199...26H},
  adsnote = {Provided by the SAO/NASA Astrophysics Data System}
}
@ARTICLE{Jarrett+07,
   author = {{Jarrett}, T.~H. and {Koribalski}, B.~S. and {Kraan-Korteweg}, R.~C. and 
	{Woudt}, P.~A. and {Whitney}, B.~A. and {Meade}, M.~R. and {Babler}, B. and 
	{Churchwell}, E. and {Benjamin}, R.~A. and {Indebetouw}, R.},
    title = "{Discovery of Two Galaxies Deeply Embedded in the Great Attractor Wall}",
  journal = {\aj},
   eprint = {arXiv:astro-ph/0611397},
 keywords = {galaxies: clusters: general, infrared: galaxies, radio lines: galaxies},
     year = 2007,
    month = mar,
   volume = 133,
    pages = {979-986},
      doi = {10.1086/510668},
   adsurl = {http://adsabs.harvard.edu/abs/2007AJ....133..979J},
  adsnote = {Provided by the SAO/NASA Astrophysics Data System}
}
@ARTICLE{Joy+11,
   author = {{Joy}, K. and {Crawford}, I. and {Grindrod}, P. and {Lintott}, C. and 
	{Bamford}, S. and {Smith}, A. and {Cook}, A. and {Moon Zoo Team} and 
	{Antonenko}, I. and {Balfanz}, R. and {Balme}, M. and {Bamford}, S. and 
	{Blumberg}, B. and {Bowles}, N. and {Bugiolacchi}, R. and {Carter}, J. and 
	{Chapman}, C. and {Cook}, A. and {Corrigan}, C. and {Crawford}, I. and 
	{Daou}, D. and {Fortson}, L. and {Gay}, P. and {Grindrod}, P. and 
	{Hammergren}, M. and {Joy}, K. and {Kirchoff}, M. and {Lintott}, C. and 
	{Petro}, N. and {Robbins}, S. and {Roberts}, D. and {Sands}, M. and 
	{Santiago}, D. and {Schawinski}, K. and {Smith}, A. and {Subbarao}, M. and 
	{Wallin}, J. and {Weider}, S.},
    title = "{Moon Zoo: citizen science in lunar exploration}",
  journal = {Astronomy and Geophysics},
     year = 2011,
    month = apr,
   volume = 52,
   number = 2,
    pages = {020000-2},
      doi = {10.1111/j.1468-4004.2011.52210.x},
   adsurl = {http://adsabs.harvard.edu/abs/2011A%26G....52b..10J},
  adsnote = {Provided by the SAO/NASA Astrophysics Data System}
} 
@ARTICLE{1997ApJ...488..224K,
   author = {{Kuchar}, T.~A. and {Clark}, F.~O.},
    title = "{All-Sky 4.85 GHz Flux Measurements of H II Regions}",
  journal = {\apj},
 keywords = {CATALOGS, ISM: H II REGIONS, RADIO CONTINUUM: ISM, SURVEYS},
     year = 1997,
    month = oct,
   volume = 488,
    pages = {224},
      doi = {10.1086/304697},
   adsurl = {http://adsabs.harvard.edu/abs/1997ApJ...488..224K},
  adsnote = {Provided by the SAO/NASA Astrophysics Data System}
}
@ARTICLE{Lagadec+11,
   author = {{Lagadec}, E. and {Verhoelst}, T. and {M{\'e}karnia}, D. and 
	{Su{\'a}eez}, O. and {Zijlstra}, A.~A. and {Bendjoya}, P. and 
	{Szczerba}, R. and {Chesneau}, O. and {van Winckel}, H. and 
	{Barlow}, M.~J. and {Matsuura}, M. and {Bowey}, J.~E. and {Lorenz-Martins}, S. and 
	{Gledhill}, T.},
    title = "{A mid-infrared imaging catalogue of post-asymptotic giant branch stars}",
  journal = {\mnras},
archivePrefix = "arXiv",
   eprint = {1102.4561},
 primaryClass = "astro-ph.SR",
 keywords = {circumstellar matter, infrared: stars},
     year = 2011,
    month = oct,
   volume = 417,
    pages = {32-92},
      doi = {10.1111/j.1365-2966.2011.18557.x},
   adsurl = {http://adsabs.harvard.edu/abs/2011MNRAS.417...32L},
  adsnote = {Provided by the SAO/NASA Astrophysics Data System}
}



@ARTICLE{Lintott+08,
   author = {{Lintott}, C.~J. and {Schawinski}, K. and {Slosar}, A. and {Land}, K. and 
	{Bamford}, S. and {Thomas}, D. and {Raddick}, M.~J. and {Nichol}, R.~C. and 
	{Szalay}, A. and {Andreescu}, D. and {Murray}, P. and {Vandenberg}, J.
	},
    title = "{Galaxy Zoo: morphologies derived from visual inspection of galaxies from the Sloan Digital Sky Survey}",
  journal = {\mnras},
archivePrefix = "arXiv",
   eprint = {0804.4483},
 keywords = {methods: data analysis , galaxies: elliptical and lenticular, cD , galaxies: general , galaxies: spiral},
     year = 2008,
    month = sep,
   volume = 389,
    pages = {1179-1189},
      doi = {10.1111/j.1365-2966.2008.13689.x},
   adsurl = {http://adsabs.harvard.edu/abs/2008MNRAS.389.1179L},
  adsnote = {Provided by the SAO/NASA Astrophysics Data System}
}
@ARTICLE{2009MNRAS.399..129L,
   author = {{Lintott}, C.~J. and {Schawinski}, K. and {Keel}, W. and {van Arkel}, H. and 
	{Bennert}, N. and {Edmondson}, E. and {Thomas}, D. and {Smith}, D.~J.~B. and 
	{Herbert}, P.~D. and {Jarvis}, M.~J. and {Virani}, S. and {Andreescu}, D. and 
	{Bamford}, S.~P. and {Land}, K. and {Murray}, P. and {Nichol}, R.~C. and 
	{Raddick}, M.~J. and {Slosar}, A. and {Szalay}, A. and {Vandenberg}, J.
	},
    title = "{Galaxy Zoo: `Hanny's Voorwerp', a quasar light echo?}",
  journal = {\mnras},
archivePrefix = "arXiv",
   eprint = {0906.5304},
 primaryClass = "astro-ph.CO",
 keywords = {galaxies: active , galaxies: individual: IC2497 , galaxies: peculiar , quasars: general},
     year = 2009,
    month = oct,
   volume = 399,
    pages = {129-140},
      doi = {10.1111/j.1365-2966.2009.15299.x},
   adsurl = {http://adsabs.harvard.edu/abs/2009MNRAS.399..129L},
  adsnote = {Provided by the SAO/NASA Astrophysics Data System}
}
@ARTICLE{Lintott+11,
   author = {{Lintott}, C. and {Schawinski}, K. and {Bamford}, S. and {Slosar}, A. and 
	{Land}, K. and {Thomas}, D. and {Edmondson}, E. and {Masters}, K. and 
	{Nichol}, R.~C. and {Raddick}, M.~J. and {Szalay}, A. and {Andreescu}, D. and 
	{Murray}, P. and {Vandenberg}, J.},
    title = "{Galaxy Zoo 1: data release of morphological classifications for nearly 900 000 galaxies}",
  journal = {\mnras},
archivePrefix = "arXiv",
   eprint = {1007.3265},
 primaryClass = "astro-ph.GA",
 keywords = {methods: data analysis, galaxies: elliptical and lenticular, cD, galaxies: general, galaxies: spiral},
     year = 2011,
    month = jan,
   volume = 410,
    pages = {166-178},
      doi = {10.1111/j.1365-2966.2010.17432.x},
   adsurl = {http://adsabs.harvard.edu/abs/2011MNRAS.410..166L},
  adsnote = {Provided by the SAO/NASA Astrophysics Data System}
} 
@ARTICLE{1996ApJ...472..173L,
   author = {{Lockman}, F.~J. and {Pisano}, D.~J. and {Howard}, G.~J.},
    title = "{Detection of 130 ``Diffuse'' Galactic H II Regions}",
  journal = {\apj},
 keywords = {ISM: H II REGIONS, RADIO LINES: ISM, GALAXY: STRUCTURE, ISM: ABUNDANCES, SURVEYS},
     year = 1996,
    month = nov,
   volume = 472,
    pages = {173},
      doi = {10.1086/178052},
   adsurl = {http://adsabs.harvard.edu/abs/1996ApJ...472..173L},
  adsnote = {Provided by the SAO/NASA Astrophysics Data System}
}
@ARTICLE{Marleau+08,
   author = {{Marleau}, F.~R. and {Noriega-Crespo}, A. and {Paladini}, R. and 
	{Clancy}, D. and {Carey}, S. and {Shenoy}, S. and {Kraemer}, K.~E. and 
	{Kuchar}, T. and {Mizuno}, D.~R. and {Price}, S.},
    title = "{Discovery of Highly Obscured Galaxies in the Zone of Avoidance}",
  journal = {\aj},
archivePrefix = "arXiv",
   eprint = {0805.2594},
 keywords = {galaxies: distances and redshifts, infrared: galaxies, large-scale structure of universe},
     year = 2008,
    month = aug,
   volume = 136,
    pages = {662-675},
      doi = {10.1088/0004-6256/136/2/662},
   adsurl = {http://adsabs.harvard.edu/abs/2008AJ....136..662M},
  adsnote = {Provided by the SAO/NASA Astrophysics Data System}
}
@ARTICLE{McCollum+08,
   author = {{McCollum}, B. and {Bruhweiler}, F.~C. and {Wahlgren}, G.~M. and 
	{Eriksson}, M. and {Verner}, E.},
    title = "{A Large Infrared Shell Associated with BI Crucis}",
  journal = {\apj},
 keywords = {Stars: Binaries: Symbiotic, ISM: Bubbles, stars: individual BI Crucis, Stars: Mass Loss, Stars: Winds, Outflows},
     year = 2008,
    month = aug,
   volume = 682,
    pages = {1087-1094},
      doi = {10.1086/589137},
   adsurl = {http://adsabs.harvard.edu/abs/2008ApJ...682.1087M},
  adsnote = {Provided by the SAO/NASA Astrophysics Data System}
}
@ARTICLE{Meixner+99,
   author = {{Meixner}, M. and {Ueta}, T. and {Dayal}, A. and {Hora}, J.~L. and 
	{Fazio}, G. and {Hrivnak}, B.~J. and {Skinner}, C.~J. and {Hoffmann}, W.~F. and 
	{Deutsch}, L.~K.},
    title = "{A Mid-infrared Imaging Survey of Proto-Planetary Nebula Candidates}",
  journal = {\apjs},
   eprint = {arXiv:astro-ph/9812279},
 keywords = {STARS: CIRCUMSTELLAR MATTER, INFRARED: ISM: CONTINUUM, ISM: STRUCTURE, STARS: AGB AND POST-AGB, STARS: MASS LOSS},
     year = 1999,
    month = may,
   volume = 122,
    pages = {221-242},
      doi = {10.1086/313215},
   adsurl = {http://adsabs.harvard.edu/abs/1999ApJS..122..221M},
  adsnote = {Provided by the SAO/NASA Astrophysics Data System}
}
@ARTICLE{2006ApJ...647..397M,
   author = {{Mellema}, G. and {Arthur}, S.~J. and {Henney}, W.~J. and {Iliev}, I.~T. and 
	{Shapiro}, P.~R.},
    title = "{Dynamical H II Region Evolution in Turbulent Molecular Clouds}",
  journal = {\apj},
   eprint = {arXiv:astro-ph/0512554},
 keywords = {ISM: H II Regions, ISM: Clouds, ISM: Kinematics and Dynamics, Stars: Formation, Turbulence},
     year = 2006,
    month = aug,
   volume = 647,
    pages = {397-403},
      doi = {10.1086/505294},
   adsurl = {http://adsabs.harvard.edu/abs/2006ApJ...647..397M},
  adsnote = {Provided by the SAO/NASA Astrophysics Data System}
}
@ARTICLE{MIPSGAL-rings,
   author = {{Mizuno}, D.~R. and {Kraemer}, K.~E. and {Flagey}, N. and {Billot}, N. and 
	{Shenoy}, S. and {Paladini}, R. and {Ryan}, E. and {Noriega-Crespo}, A. and 
	{Carey}, S.~J.},
    title = "{A Catalog of MIPSGAL Disk and Ring Sources}",
  journal = {\aj},
archivePrefix = "arXiv",
   eprint = {1002.4421},
 primaryClass = "astro-ph.GA",
 keywords = {catalogs, infrared: ISM, planetary nebulae: general},
     year = 2010,
    month = apr,
   volume = 139,
    pages = {1542-1552},
      doi = {10.1088/0004-6256/139/4/1542},
   adsurl = {http://adsabs.harvard.edu/abs/2010AJ....139.1542M},
  adsnote = {Provided by the SAO/NASA Astrophysics Data System}
}  
@ARTICLE{2002MNRAS.335..114M,
   author = {{Misanovic}, Z. and {Cram}, L. and {Green}, A.},
    title = "{A search for young Galactic supernova remnants}",
  journal = {\mnras},
 keywords = {H II regions, supernova remnants, radio lines: ISM},
     year = 2002,
    month = sep,
   volume = 335,
    pages = {114-124},
      doi = {10.1046/j.1365-8711.2002.05602.x},
   adsurl = {http://adsabs.harvard.edu/abs/2002MNRAS.335..114M},
  adsnote = {Provided by the SAO/NASA Astrophysics Data System}
}
@ARTICLE{Murray+Rahman10,
   author = {{Murray}, N. and {Rahman}, M.},
    title = "{Star Formation in Massive Clusters Via the Wilkinson Microwave Anisotropy Probe and the Spitzer Glimpse Survey}",
  journal = {\apj},
archivePrefix = "arXiv",
   eprint = {0906.1026},
 primaryClass = "astro-ph.GA",
 keywords = {Galaxy: fundamental parameters, H II regions, ISM: bubbles, stars: formation},
     year = 2010,
    month = jan,
   volume = 709,
    pages = {424-435},
      doi = {10.1088/0004-637X/709/1/424},
   adsurl = {http://adsabs.harvard.edu/abs/2010ApJ...709..424M},
  adsnote = {Provided by the SAO/NASA Astrophysics Data System}
}
@ARTICLE{Oey+05,
   author = {{Oey}, M.~S. and {Watson}, A.~M. and {Kern}, K. and {Walth}, G.~L.
	},
    title = "{Hierarchical Triggering of Star Formation by Superbubbles in W3/W4}",
  journal = {\aj},
   eprint = {arXiv:astro-ph/0501136},
 keywords = {ISM: Bubbles, ISM: Clouds, ISM: Individual: Alphanumeric: W3, ISM: Individual: Alphanumeric: W4, ISM: Structure, open clusters and associations: individual (IC 1795), open clusters and associations: individual (IC 1805), Stars: Formation},
     year = 2005,
    month = jan,
   volume = 129,
    pages = {393-401},
      doi = {10.1086/426333},
   adsurl = {http://adsabs.harvard.edu/abs/2005AJ....129..393O},
  adsnote = {Provided by the SAO/NASA Astrophysics Data System}
}
@ARTICLE{Paladini+03,
   author = {{Paladini}, R. and {Burigana}, C. and {Davies}, R.~D. and {Maino}, D. and 
	{Bersanelli}, M. and {Cappellini}, B. and {Platania}, P. and 
	{Smoot}, G.},
    title = "{A radio catalog of Galactic HII regions for applications from decimeter to millimeter wavelengths}",
  journal = {\aap},
   eprint = {arXiv:astro-ph/0210226},
 keywords = {HII regions, catalogs, cosmic microwave background},
     year = 2003,
    month = jan,
   volume = 397,
    pages = {213-226},
      doi = {10.1051/0004-6361:20021466},
   adsurl = {http://adsabs.harvard.edu/abs/2003A%26A...397..213P},
  adsnote = {Provided by the SAO/NASA Astrophysics Data System}
}
@ARTICLE{PPG+10,
   author = {{Petriella}, A. and {Paron}, S. and {Giacani}, E.},
    title = "{The environment of the infrared dust bubble N65: a multiwavelength study}",
  journal = {\aap},
archivePrefix = "arXiv",
   eprint = {1002.0815},
 primaryClass = "astro-ph.GA",
 keywords = {HII regions, ISM: clouds, stars: formation},
     year = 2010,
    month = apr,
   volume = 513,
      eid = {A44},
    pages = {A44},
      doi = {10.1051/0004-6361/200913617},
   adsurl = {http://adsabs.harvard.edu/abs/2010A%26A...513A..44P},
  adsnote = {Provided by the SAO/NASA Astrophysics Data System}
}

@ARTICLE{Pomares+09,
   author = {{Pomar{\`e}s}, M. and {Zavagno}, A. and {Deharveng}, L. and 
	{Cunningham}, M. and {Jones}, P. and {Kurtz}, S. and {Russeil}, D. and 
	{Caplan}, J. and {Comer{\'o}n}, F.},
    title = "{Triggered star formation on the borders of the Galactic Hii region RCW 82}",
  journal = {\aap},
archivePrefix = "arXiv",
   eprint = {0812.2618},
 keywords = {stars: formation, stars: early-type, ISM: H ii regions, ISM: individual objects: RCW 82},
     year = 2009,
    month = feb,
   volume = 494,
    pages = {987-1003},
      doi = {10.1051/0004-6361:200811050},
   adsurl = {http://adsabs.harvard.edu/abs/2009A%26A...494..987P},
  adsnote = {Provided by the SAO/NASA Astrophysics Data System}
}
@ARTICLE{Povich+07,
   author = {{Povich}, M.~S. and {Stone}, J.~M. and {Churchwell}, E. and 
	{Zweibel}, E.~G. and {Wolfire}, M.~G. and {Babler}, B.~L. and 
	{Indebetouw}, R. and {Meade}, M.~R. and {Whitney}, B.~A.},
    title = "{A Multiwavelength Study of M17: The Spectral Energy Distribution and PAH Emission Morphology of a Massive Star Formation Region}",
  journal = {\apj},
 keywords = {ISM: Dust, Extinction, ISM: H II Regions, Infrared: ISM, Radio Continuum: ISM, Stars: Formation, X-Rays: ISM},
     year = 2007,
    month = may,
   volume = 660,
    pages = {346-362},
      doi = {10.1086/513073},
   adsurl = {http://adsabs.harvard.edu/abs/2007ApJ...660..346P},
  adsnote = {Provided by the SAO/NASA Astrophysics Data System}
}
@ARTICLE{Povich+09,
   author = {{Povich}, M.~S. and {Churchwell}, E. and {Bieging}, J.~H. and 
	{Kang}, M. and {Whitney}, B.~A. and {Brogan}, C.~L. and {Kulesa}, C.~A. and 
	{Cohen}, M. and {Babler}, B.~L. and {Indebetouw}, R. and {Meade}, M.~R. and 
	{Robitaille}, T.~P.},
    title = "{The Extended Environment of M17: A Star Formation History}",
  journal = {\apj},
archivePrefix = "arXiv",
   eprint = {0902.3280},
 primaryClass = "astro-ph.GA",
 keywords = {H II regions, infrared: ISM, radio continuum: ISM, radio lines: ISM, stars: formation},
     year = 2009,
    month = may,
   volume = 696,
    pages = {1278-1306},
      doi = {10.1088/0004-637X/696/2/1278},
   adsurl = {http://adsabs.harvard.edu/abs/2009ApJ...696.1278P},
  adsnote = {Provided by the SAO/NASA Astrophysics Data System}
}
@ARTICLE{Rahman+Murray10,
   author = {{Rahman}, M. and {Murray}, N.},
    title = "{A New Sample of Very Massive Star Forming Complexes in the Spitzer Glimpse Survey}",
  journal = {\apj},
archivePrefix = "arXiv",
   eprint = {1004.3290},
 primaryClass = "astro-ph.GA",
 keywords = {H II regions, infrared: ISM, stars: formation},
     year = 2010,
    month = aug,
   volume = 719,
    pages = {1104-1122},
      doi = {10.1088/0004-637X/719/2/1104},
   adsurl = {http://adsabs.harvard.edu/abs/2010ApJ...719.1104R},
  adsnote = {Provided by the SAO/NASA Astrophysics Data System}
}    

@ARTICLE{Reach+06,
   author = {{Reach}, W.~T. and {Rho}, J. and {Tappe}, A. and {Pannuti}, T.~G. and 
	{Brogan}, C.~L. and {Churchwell}, E.~B. and {Meade}, M.~R. and 
	{Babler}, B. and {Indebetouw}, R. and {Whitney}, B.~A.},
    title = "{A Spitzer Space Telescope Infrared Survey of Supernova Remnants in the Inner Galaxy}",
  journal = {\aj},
   eprint = {arXiv:astro-ph/0510630},
 keywords = {Infrared: ISM, Shock Waves, ISM: Supernova Remnants},
     year = 2006,
    month = mar,
   volume = 131,
    pages = {1479-1500},
      doi = {10.1086/499306},
   adsurl = {http://adsabs.harvard.edu/abs/2006AJ....131.1479R},
  adsnote = {Provided by the SAO/NASA Astrophysics Data System}
}


@ARTICLE{Schuller+09,
   author = {{Schuller}, F. and {Menten}, K.~M. and {Contreras}, Y. and {Wyrowski}, F. and 
	{Schilke}, P. and {Bronfman}, L. and {Henning}, T. and {Walmsley}, C.~M. and 
	{Beuther}, H. and {Bontemps}, S. and {Cesaroni}, R. and {Deharveng}, L. and 
	{Garay}, G. and {Herpin}, F. and {Lefloch}, B. and {Linz}, H. and 
	{Mardones}, D. and {Minier}, V. and {Molinari}, S. and {Motte}, F. and 
	{Nyman}, L.-{\AA}. and {Reveret}, V. and {Risacher}, C. and 
	{Russeil}, D. and {Schneider}, N. and {Testi}, L. and {Troost}, T. and 
	{Vasyunina}, T. and {Wienen}, M. and {Zavagno}, A. and {Kovacs}, A. and 
	{Kreysa}, E. and {Siringo}, G. and {Wei{\ss}}, A.},
    title = "{ATLASGAL - The APEX telescope large area survey of the galaxy at 870 {$\mu$}m}",
  journal = {\aap},
archivePrefix = "arXiv",
   eprint = {0903.1369},
 primaryClass = "astro-ph.GA",
 keywords = {surveys, submillimeter, ISM: structure, dust, extinction, stars: formation, Galaxy: disk},
     year = 2009,
    month = sep,
   volume = 504,
    pages = {415-427},
      doi = {10.1051/0004-6361/200811568},
   adsurl = {http://adsabs.harvard.edu/abs/2009A%26A...504..415S},
  adsnote = {Provided by the SAO/NASA Astrophysics Data System}
}

@ARTICLE{Simpson+12,
   author = {{Simpson}, R.~J. and {Povich}, M.~S. and {Kendrew}, S. and {Lintott}, C.~J. and 
	{Bressert}, E. and {Arvidsson}, K. and {Cyganowski}, C. and 
	{Maddison}, S. and {Schawinski}, K. and {Sherman}, R. and {Smith}, A.~M. and 
	{Wolf-Chase}, G.},
    title = "{The Milky Way Project First Data Release: a bubblier Galactic disc}",
  journal = {\mnras},
archivePrefix = "arXiv",
   eprint = {1201.6357},
 primaryClass = "astro-ph.GA",
 keywords = {stars: formation, dust, extinction, H II regions, infrared: ISM },
     year = 2012,
    month = aug,
   volume = 424,
    pages = {2442-2460},
      doi = {10.1111/j.1365-2966.2012.20770.x},
   adsurl = {http://adsabs.harvard.edu/abs/2012MNRAS.424.2442S},
  adsnote = {Provided by the SAO/NASA Astrophysics Data System}
}

@ARTICLE{2011MNRAS.412.1309S,
   author = {{Smith}, A.~M. and {Lynn}, S. and {Sullivan}, M. and {Lintott}, C.~J. and 
	{Nugent}, P.~E. and {Botyanszki}, J. and {Kasliwal}, M. and 
	{Quimby}, R. and {Bamford}, S.~P. and {Fortson}, L.~F. and {Schawinski}, K. and 
	{Hook}, I. and {Blake}, S. and {Podsiadlowski}, P. and {J{\"o}nsson}, J. and 
	{Gal-Yam}, A. and {Arcavi}, I. and {Howell}, D.~A. and {Bloom}, J.~S. and 
	{Jacobsen}, J. and {Kulkarni}, S.~R. and {Law}, N.~M. and {Ofek}, E.~O. and 
	{Walters}, R.},
    title = "{Galaxy Zoo Supernovae}",
  journal = {\mnras},
archivePrefix = "arXiv",
   eprint = {1011.2199},
 primaryClass = "astro-ph.IM",
 keywords = {methods: data analysis, surveys, supernovae: general},
     year = 2011,
    month = apr,
   volume = 412,
    pages = {1309-1319},
      doi = {10.1111/j.1365-2966.2010.17994.x},
   adsurl = {http://adsabs.harvard.edu/abs/2011MNRAS.412.1309S},
  adsnote = {Provided by the SAO/NASA Astrophysics Data System}
}
@ARTICLE{Thompson+11,
   author = {{Thompson}, M.~A. and {Urquhart}, J.~S. and {Moore}, T.~J.~T. and 
	{Morgan}, L.~K.},
    title = "{The statistics of triggered star formation: an overdensity of massive YSOs around Spitzer bubbles}",
  journal = {ArXiv e-prints},
archivePrefix = "arXiv",
   eprint = {1111.0972},
 primaryClass = "astro-ph.GA",
 keywords = {Astrophysics - Galaxy Astrophysics},
     year = 2011,
    month = nov,
   adsurl = {http://adsabs.harvard.edu/abs/2011arXiv1111.0972T},
  adsnote = {Provided by the SAO/NASA Astrophysics Data System}
}
@ARTICLE{2010AEdRv...9a0103R,
   author = {{Raddick}, M.~J. and {Bracey}, G. and {Gay}, P.~L. and {Lintott}, C.~J. and 
	{Murray}, P. and {Schawinski}, K. and {Szalay}, A.~S. and {Vandenberg}, J.
	},
    title = "{Galaxy Zoo: Exploring the Motivations of Citizen Science Volunteers}",
  journal = {Astronomy Education Review},
archivePrefix = "arXiv",
   eprint = {0909.2925},
 primaryClass = "astro-ph.IM",
     year = 2010,
   volume = 9,
   number = 1,
    pages = {010103-+},
      doi = {10.3847/AER2009036},
   adsurl = {http://adsabs.harvard.edu/abs/2010AEdRv...9a0103R},
  adsnote = {Provided by the SAO/NASA Astrophysics Data System}
}

@ARTICLE{Relano+Kennicutt09,
   author = {{Rela{\~n}o}, M. and {Kennicutt}, Jr., R.~C.},
    title = "{Star Formation in Luminous H II Regions in M33}",
  journal = {\apj},
archivePrefix = "arXiv",
   eprint = {0905.1158},
 primaryClass = "astro-ph.GA",
 keywords = {galaxies: individual: M33, galaxies: ISM, H II regions, infrared: galaxies, ultraviolet: galaxies },
     year = 2009,
    month = jul,
   volume = 699,
    pages = {1125-1143},
      doi = {10.1088/0004-637X/699/2/1125},
   adsurl = {http://adsabs.harvard.edu/abs/2009ApJ...699.1125R},
  adsnote = {Provided by the SAO/NASA Astrophysics Data System}
}
@ARTICLE{Walsh+11,
   author = {{Walsh}, A.~J. and {Breen}, S.~L. and {Britton}, T. and {Brooks}, K.~J. and 
	{Burton}, M.~G. and {Cunningham}, M.~R. and {Green}, J.~A. and 
	{Harvey-Smith}, L. and {Hindson}, L. and {Hoare}, M.~G. and 
	{Indermuehle}, B. and {Jones}, P.~A. and {Lo}, N. and {Longmore}, S.~N. and 
	{Lowe}, V. and {Phillips}, C.~J. and {Purcell}, C.~R. and {Thompson}, M.~A. and 
	{Urquhart}, J.~S. and {Voronkov}, M.~A. and {White}, G.~L. and 
	{Whiting}, M.~T.},
    title = "{The H$_{2}$O Southern Galactic Plane Survey (HOPS) - I. Techniques and H$_{2}$O maser data}",
  journal = {\mnras},
archivePrefix = "arXiv",
   eprint = {1105.4663},
 primaryClass = "astro-ph.GA",
 keywords = {masers, surveys, stars: formation, ISM: molecules, Galaxy: structure, radio lines: ISM},
     year = 2011,
    month = sep,
   volume = 416,
    pages = {1764-1821},
      doi = {10.1111/j.1365-2966.2011.19115.x},
   adsurl = {http://adsabs.harvard.edu/abs/2011MNRAS.416.1764W},
  adsnote = {Provided by the SAO/NASA Astrophysics Data System}
}
@ARTICLE{WP08,
   author = {{Watson}, C. and {Povich}, M.~S. and {Churchwell}, E.~B. and 
	{Babler}, B.~L. and {Chunev}, G. and {Hoare}, M. and {Indebetouw}, R. and 
	{Meade}, M.~R. and {Robitaille}, T.~P. and {Whitney}, B.~A.},
    title = "{Infrared Dust Bubbles: Probing the Detailed Structure and Young Massive Stellar Populations of Galactic H II Regions}",
  journal = {\apj},
archivePrefix = "arXiv",
   eprint = {0806.0609},
 keywords = {ISM: H II Regions, Infrared: ISM, ISM: Bubbles, Radio Continuum: ISM, Stars: Formation},
     year = 2008,
    month = jul,
   volume = 681,
    pages = {1341-1355},
      doi = {10.1086/588005},
   adsurl = {http://adsabs.harvard.edu/abs/2008ApJ...681.1341W},
  adsnote = {Provided by the SAO/NASA Astrophysics Data System}
}
@ARTICLE{WHM+10,
   author = {{Watson}, C. and {Hanspal}, U. and {Mengistu}, A.},
    title = "{Triggered Star Formation and Dust Around Mid-infrared-identified Bubbles}",
  journal = {\apj},
archivePrefix = "arXiv",
   eprint = {1006.0206},
 primaryClass = "astro-ph.GA",
 keywords = {H II regions, ISM: bubbles, ISM: molecules, stars: formation, stars: massive},
     year = 2010,
    month = jun,
   volume = 716,
    pages = {1478-1492},
      doi = {10.1088/0004-637X/716/2/1478},
   adsurl = {http://adsabs.harvard.edu/abs/2010ApJ...716.1478W},
  adsnote = {Provided by the SAO/NASA Astrophysics Data System}
}
@ARTICLE{Weaver+77,
   author = {{Weaver}, R. and {McCray}, R. and {Castor}, J. and {Shapiro}, P. and 
	{Moore}, R.},
    title = "{Interstellar bubbles. II - Structure and evolution}",
  journal = {\apj},
 keywords = {INTERSTELLAR GAS, PLASMA INTERACTIONS, STELLAR WINDS, ADIABATIC FLOW, BUBBLES, CONDUCTIVE HEAT TRANSFER, EARLY STARS, ENERGY DISSIPATION, HYDRODYNAMICS, ION DENSITY (CONCENTRATION), RADIATIVE TRANSFER, STELLAR MOTIONS},
     year = 1977,
    month = dec,
   volume = 218,
    pages = {377-395},
      doi = {10.1086/155692},
   adsurl = {http://adsabs.harvard.edu/abs/1977ApJ...218..377W},
  adsnote = {Provided by the SAO/NASA Astrophysics Data System}
}
@ARTICLE{Westerlund+61,
   author = {{Westerlund}, B.},
    title = "{A Heavily Reddened Cluster in Ara.}",
  journal = {\aj},
     year = 1961,
    month = mar,
   volume = 66,
    pages = {57-57},
      doi = {10.1086/108585},
   adsurl = {http://adsabs.harvard.edu/abs/1961AJ.....66T..57W},
  adsnote = {Provided by the SAO/NASA Astrophysics Data System}
}
@ARTICLE{Whitworth+94,
   author = {{Whitworth}, A.~P. and {Bhattal}, A.~S. and {Chapman}, S.~J. and 
	{Disney}, M.~J. and {Turner}, J.~A.},
    title = "{The Preferential Formation of High-Mass Stars in Shocked Interstellar Gas Layers}",
  journal = {\mnras},
 keywords = {instabilities - shock waves - stars: formation - ISM: bubbles - ISM: clouds},
     year = 1994,
    month = may,
   volume = 268,
    pages = {291-+},
   adsurl = {http://adsabs.harvard.edu/abs/1994MNRAS.268..291W},
  adsnote = {Provided by the SAO/NASA Astrophysics Data System}
}
@ARTICLE{Zavagno+10,
   author = {{Zavagno}, A. and {Anderson}, L.~D. and {Russeil}, D. and {Morgan}, L. and 
	{Stringfellow}, G.~S. and {Deharveng}, L. and {Rod{\'o}n}, J.~A. and 
	{Robitaille}, T.~P. and {Mottram}, J.~C. and {Schuller}, F. and 
	{Testi}, L. and {Billot}, N. and {Molinari}, S. and {di Gorgio}, A. and 
	{Kirk}, J.~M. and {Brunt}, C. and {Ward-Thompson}, D. and {Traficante}, A. and 
	{Veneziani}, M. and {Faustini}, F. and {Calzoletti}, L.},
    title = "{Star formation triggered by H II regions in our Galaxy. First results for N49 from the Herschel infrared survey of the Galactic plane}",
  journal = {\aap},
archivePrefix = "arXiv",
   eprint = {1005.1591},
 primaryClass = "astro-ph.GA",
 keywords = {stars: formation, H ii regions, infrared: general},
     year = 2010,
    month = jul,
   volume = 518,
      eid = {L101},
    pages = {L101},
      doi = {10.1051/0004-6361/201014587},
   adsurl = {http://adsabs.harvard.edu/abs/2010A%26A...518L.101Z},
  adsnote = {Provided by the SAO/NASA Astrophysics Data System}
}
